<record><leader>00000cas a22000007a 4500</leader><controlfield tag="001">34111980</controlfield><controlfield tag="008">960131d193219uunbudr ne      0    0eng d</controlfield><datafield ind1=" " ind2=" " tag="010"><subfield code="a">sn 95072068 </subfield></datafield><datafield ind1=" " ind2=" " tag="040"><subfield code="a">NVJ</subfield><subfield code="b">eng</subfield><subfield code="c">NVJ</subfield><subfield code="d">OCLCQ</subfield></datafield><datafield ind1=" " ind2=" " tag="042"><subfield code="a">msc</subfield></datafield><datafield ind1="0" ind2=" " tag="130"><subfield code="a">Daily bulletin (North Platte, Neb.)</subfield></datafield><datafield ind1="1" ind2="4" tag="245"><subfield code="a">The daily bulletin.</subfield></datafield><datafield ind1=" " ind2=" " tag="260"><subfield code="a">North Platte, Neb. :</subfield><subfield code="b">City Printery</subfield></datafield><datafield ind1=" " ind2=" " tag="300"><subfield code="a">v.</subfield></datafield><datafield ind1=" " ind2=" " tag="310"><subfield code="a">Daily (except Monday)</subfield></datafield><datafield ind1="1" ind2=" " tag="362"><subfield code="a">Began in 1932.</subfield></datafield><datafield ind1=" " ind2=" " tag="588"><subfield code="a">Description based on: Vol. 1, no. 102 (Sept. 8, 1932).</subfield></datafield><datafield ind1=" " ind2=" " tag="752"><subfield code="a">United States</subfield><subfield code="b">Nebraska</subfield><subfield code="c">Lincoln</subfield><subfield code="d">North Platte.</subfield></datafield><datafield ind1="1" ind2="7" tag="785"><subfield code="t">North Platte telegraph (North Platte, Neb. : 1938)</subfield></datafield><datafield ind1="1" ind2="7" tag="785"><subfield code="t">North Platte daily telegraph-bulletin</subfield></datafield></record>